@inproceedings{jiang2015dependence,
  title={The Dependence of Effective Planning Horizon on Model Accuracy},
  author={Jiang, Nan and Kulesza, Alex and Singh, Satinder and Lewis, Richard},
  booktitle={Proceedings of the 2015 International Conference on Autonomous Agents and Multiagent Systems},
  pages={1181--1189},
  year={2015},
  organization={International Foundation for Autonomous Agents and Multiagent Systems}
}