@inproceedings{jiang2015dependence,
  title={The Dependence of Effective Planning Horizon on Model Accuracy},
  author={Jiang, Nan and Kulesza, Alex and Singh, Satinder and Lewis, Richard},
  booktitle={Proceedings of the 2015 International Conference on Autonomous Agents and Multiagent Systems},
  pages={1181--1189},
  year={2015},
  organization={International Foundation for Autonomous Agents and Multiagent Systems}
}

@incollection{kocsis2006bandit,
  title={Bandit based monte-carlo planning},
  author={Kocsis, Levente and Szepesv{\'a}ri, Csaba},
  booktitle={Machine Learning: ECML 2006},
  pages={282--293},
  year={2006},
  publisher={Springer}
}

@article{auer2002finite,
  title={Finite-time analysis of the multiarmed bandit problem},
  author={Auer, Peter and Cesa-Bianchi, Nicolo and Fischer, Paul},
  journal={Machine learning},
  volume={47},
  number={2-3},
  pages={235--256},
  year={2002},
  publisher={Springer}
}